@book{atkinson1991introduction,
  title={handoutNumPDEs},
  year={2024},
}

@misc{OpenAI2023GPT4,
  title         = {GPT-4},
  author        = {OpenAI},
  year          = {2023},
  url           = {https://openai.com/index/hello-gpt-4o/},
  note          = {Accessed: 2024-09-23}
}
